
((digest . "d3d581c2953e36e6904beeac77469e2d") (undo-list nil (#("
" 0 1 (fontified nil)) . 11964) (1 . 11964) (#("% -*- coding: euc-jp -*-
@article{amit1997shape,
  title={Shape quantization and recognition with randomized trees},
  author={Amit, Y. and Geman, D.},
  journal={Neural computation},
  volume={9},
  number={7},
  pages={1545--1588},
  year={1997},
  publisher={MIT Press}
}
@article{bib:hujie,
  author =       {藤江真也 and 江尻康 and 菊池英明 and 小林哲則},
  title =        {肯定的/否定的発話態度の認識とその音声対話システムへの応用},
  journal =      {電気情報通信学会論文誌 D-II},
  year =         2005,
  volume =    {J88-D-II},
  number =    3,
  pages =     {489-498},
  month =     03
  }
@PhdThesis{bib:mase,
  author =       {間瀬健二 and 鳥脇純一郎},
  title =        {動画像処理を用いた新しい万マシンインタフェースの研究},
  school =       {名古屋大学},
  year =         1992,
  month =     06}
@article{bib:nakano,
  author =       {中野慶 and 藤江真也 and 松坂要佐 and 小林哲則},
  title =        {対話調整的役割を果たす顔表情の認識},
  journal =      {電子情報通信学会技術報告.PRMU},
  year =         2005,
  volume =    205,
  number =    375,
  pages =     {7-12},
  month =     10}
@article{breiman1996bagging,
  title={Bagging predictors},
  author={Breiman, L.},
  journal={Machine learning},
  volume={24},
  number={2},
  pages={123--140},
  year={1996},
  publisher={Springer}
}
@article{breiman2001random,
  title={Random forests},
  author={Breiman, L.},
  journal={Machine learning},
  volume={45},
  number={1},
  pages={5--32},
  year={2001},
  publisher={Springer}
}
@article{ekman1987表情分析入門,
  title={表情分析入門},
  author={P.Ekman and W.V.Friesen and 工藤力},
  journal={工藤力 (訳), 誠信書房},
  year=1987
}

@article{ekman1993facial,
  title={Facial expression and emotion.},
  author={P.Ekman},
  journal={American Psychologist},
  volume=48,
  number=4,
  pages={384--391},
  year=1993,
  publisher={American Psychological Association}
}
@book{ekman2009telling,
  title={Telling lies: Clues to deceit in the marketplace, politics, and marriage},
  author={P.Ekman},
  year=2009,
  publisher={WW Norton \\& Company}
}
@article{fasel2003automatic,
  title={Automatic facial expression analysis: a survey},
  author={Fasel and  B. and Luettin and  J.},
  journal={Pattern Recognition},
  volume=36,
  number=1,
  pages={259--275},
  year=2003,
  publisher={Elsevier}
}
@article{gall2011hough,
  title={Hough forests for object detection, tracking, and action recognition},
  author={Gall, J. and Yao, A. and Razavi, N. and Van Gool, L. and Lempitsky, V.},
  journal={Pattern Analysis and Machine Intelligence, IEEE Transactions on},
  volume={33},
  number={11},
  pages={2188--2202},
  year={2011},
  publisher={IEEE}
}
@inproceedings{holmes1994weka,
  title={Weka: A machine learning workbench},
  author={Holmes, G. and Donkin, A. and Witten, I.H.},
  booktitle={Intelligent Information Systems, 1994. Proceedings of the 1994 Second Australian and New Zealand Conference on},
  pages={357--361},
  year={1994},
  organization={IEEE}
}

@inproceedings{lucas1981iterative,
  title={An iterative image registration technique with an application to stereo vision},
  author={Lucas, B.D. and Kanade, T. and others},
  booktitle={Proceedings of the 7th international joint conference on Artificial intelligence},
  year=1981
}

@article{norman2002psychopathology,
  title={The psychopathology of everyday things},
  author={Norman, D.A.},
  journal={Foundations of Cognitive Psychology: Core Readings},
  pages=417,
  year=2002,
  publisher={MIT Press}
}

@article{pantic2000automatic,
  title={Automatic analysis of facial expressions: The state of the art},
  author={Pantic, M. and Rothkrantz, L.J.M.},
  journal={Pattern Analysis and Machine Intelligence, IEEE Transactions on},
  volume=22,
  number=12,
  pages={1424--1445},
  year=2000,
  publisher={IEEE}
}

@inproceedings{shotton2008semantic,
  title={Semantic texton forests for image categorization and segmentation},
  author={Shotton, J. and Johnson, M. and Cipolla, R.},
  booktitle={Computer Vision and Pattern Recognition, 2008. CVPR 2008. IEEE Conference on},
  pages={1--8},
  year={2008},
  organization={IEEE}
}

@inproceedings{shotton2011real,
  title={Real-time human pose recognition in parts from single depth images},
  author={Shotton, J. and Fitzgibbon, A. and Cook, M. and Sharp, T. and Finocchio, M. and Moore, R. and Kipman, A. and Blake, A.},
  booktitle={Computer Vision and Pattern Recognition (CVPR), 2011 IEEE Conference on},
  pages={1297--1304},
  year={2011},
  organization={IEEE}
}



@TechReport{syouhisha,
  author =       {内閣府 消費者動向調査},
  title =        {パソコン 世帯普及率},
  institution =  {経済社会総合研究所景気統計部},
  year =         {1987~2012}}
@book{vapnik1999nature,
  title={The nature of statistical learning theory},
  author={Vapnik, V.N.},
  year=1999,
  publisher={John Wily \\& Sons}
}
@article{中川優樹2011表情認識における顔領域抽出ならびにエッジ特徴を用いた顔部品抽出方式の検討,
  title={表情認識における顔領域抽出ならびにエッジ特徴を用いた顔部品抽出方式の検討},
  author={中川優樹 and 石田貴正 and 平野晃昭 and 中村納},
  journal={工学院大学研究報告},
  number=111,
  pages={85--90},
  year=2011,
  publisher={工学院大学}
}
@article{中村和晃93learning,
  title={e-learning における学習者の顔動作観測に基づく主観的難易度の推定},
  author={中村和晃 and 角所考 and 村上正行 and 美濃導彦},
  year = 2010,
  journal={信学論 (D)},
  volume=93,
  pages={568--578}
}
@article{伊藤京子2007目標表情の実現を目指した表情トレーニングシステムの提案,
  title={目標表情の実現を目指した表情トレーニングシステムの提案 (コミュニケーション支援及び一般)},
  author={伊藤京子 and 黒瀬啓之 and 高見愛 and 清水良介 and 西田正吾},
  journal={電子情報通信学会技術研究報告. HCS, ヒューマンコミュニケーション基礎},
  volume=107,
  number=59,
  pages={19--24},
  year=2007,
  publisher={社団法人電子情報通信学会}
}

@MastersThesis{叶冠峰05,
  author =       {叶冠峰 and (指導教官) 伊藤昭 and 寺田和憲},
  title =        {顔動画像からの特徴点抽出を用いた表情認識},
  school =       {岐阜大学大学院工学研究科},
  year =         2005
}

@article{吉川奈穂美2003目,
  title={目・口領域のオプティカルフロー推定による 「笑い」 認識の試み (顔とジェスチャの認識)},
  author={吉川奈穂美 and 桜井正広 and 宮川道夫},
  journal={電子情報通信学会技術研究報告. PRMU, パターン認識・メディア理解},
  volume=103,
  number=453,
  pages={79--84},
  year=2003,
  publisher={社団法人電子情報通信学会}
}
@article{和田典子1999日本人の表情に関する研究,
  title={日本人の表情に関する研究: 同室者と自己像が表情表出に及ぼす影響について},
  author={和田典子 and 米谷淳},
  journal={電子情報通信学会技術研究報告. HCS, ヒューマンコミュニケーション基礎},
  volume=99,
  number=123,
  pages={17--20},
  year=1999,
  publisher={社団法人電子情報通信学会}
}

@article{宮原正典2008顔表情からの関心度推定に基づく映像コンテンツへのタギング,
  title={顔表情からの関心度推定に基づく映像コンテンツへのタギング},
  author={宮原正典 and 青木政樹 and 滝口哲也 and 有木康雄},
  journal={情報処理学会論文誌},
  volume=49,
  number=10,
  pages={3694--3702},
  year=2008,
  publisher={一般社団法人情報処理学会}
}

@article{小島孝治1996顔動画像からの周波数特性解析による表情認識,
  title={顔動画像からの周波数特性解析による表情認識},
  author={小島孝治 and 坂口竜己 and 森島繁生},
  journal={電子情報通信学会総合大会講演論文集},
  volume=1996,
  pages=379,
  year=1996,
  publisher={社団法人電子情報通信学会}
}

@article{岩田満1996顔の表情表現と結びつけた経路決定システム,
  title={顔の表情表現と結びつけた経路決定システム},
  author={岩田満 and 鬼沢武久},
  journal={日本ファジィ学会誌},
  volume=8,
  number=3,
  pages={532--540},
  year=1996,
  publisher={日本知能情報ファジィ学会}
}
@article{布施孝志2000オプティカルフロー推定における光学勾配法の比較分析,
  title={オプティカルフロー推定における光学勾配法の比較分析},
  author={布施孝志 and 清水英範 and 堤盛人},
  journal={応用測量論文集},
  volume={11},
  pages={45--52},
  year={2000}
}
@article{末永康仁1992human,
  title={Human Reader: 人物像と音声による知的インターフェース},
  author={末永康仁 and 間瀬健二 and 福本雅朗 and 渡部保日児},
  journal={電子情報通信学会論文誌. D-II, 情報・システム, II-情報処理= The transactions of the Institute of Electronics, Information and Communication Engineers},
  volume=75,
  number=2,
  pages={190--202},
  year=1992,
  publisher={電子情報通信学会情報・システムソサイエティ}
}
@article{樋口大悟2011オプティカルフローを用いた表情動作の基本動作単位の抽出,
  title={オプティカルフローを用いた表情動作の基本動作単位の抽出},
  author={樋口大悟 and 西原悠貴 and 伊藤昭 and 寺田和憲},
  journal={情報処理学会研究報告. HCI, ヒューマンコンピュータインタラクション研究会報告},
  volume=2011,
  number=9,
  pages={1--8},
  year=2011,
  publisher={一般社団法人情報処理学会}
}
@article{江尻康2003動作中の対話ロボットにおける頭部ジェスチャ認識,
  title={動作中の対話ロボットにおける頭部ジェスチャ認識 (顔とジェスチャの認識)},
  author={江尻康 and 中島慶 and 藤江真也 and 松坂要佐 and 小林哲則},
  journal={電子情報通信学会技術研究報告. PRMU, パターン認識・メディア理解},
  volume=103,
  number=453,
  pages={13--18},
  year=2003,
  publisher={社団法人電子情報通信学会}
}
@article{矢崎和彦1998オプティカルフローを用いた正面顔画像からの顔面筋パラメータの自動推定,
  title={オプティカルフローを用いた正面顔画像からの顔面筋パラメータの自動推定},
  author={矢崎和彦 and 石川貴博 and 森島繁生},
  journal={電子情報通信学会技術研究報告. PRMU, パターン認識・メディア理解},
  volume=97,
  number=596,
  pages={121--128},
  year=1998,
  publisher={社団法人電子情報通信学会}
}
@misc{秋山1995人間関係と心理と臨床,
  title={人間関係と心理と臨床},
  author={秋山俊夫 and  鶴元春 and 上野徳美},
  year={1995},
  note={北大路書房},
  publisher={北大路書房}
}
@book{竹内一郎2005人は見た目が,
  title={人は見た目が 9 割},
  author={竹内一郎},
  volume=137,
  year=2005,
  publisher={新潮社}
}

@book{竹原卓真2004顔,
  title={「顔」 研究の最前線},
  author={竹原卓真 and 野村理朗},
  year=2004,
  publisher={北大路書房}
}

@article{赤松茂2002人間とコンピュータによる顔表情の認識,
  title={人間とコンピュータによる顔表情の認識 [I]: コミュニケーションにおける表情とコンピュータによるその自動解析},
  author={赤松茂},
  year={2002},
  publisher={社団法人電子情報通信学会}
}
@article{赤松茂2002人間とコンピュータによる顔表情の認識,
  title={人間とコンピュータによる顔表情の認識 [II]: コンピュータによる顔表情認識技術 (1): 表情による感情の認識},
  author={赤松茂},
  year={2002},
  publisher={社団法人電子情報通信学会}
}

@article{赤松茂2002人間とコンピュータによる顔表情の認識,
  title={人間とコンピュータによる顔表情の認識 [III]: コンピュータによる顔表情認識技術 (2): 顔面の表情動作の認識: テンプレートによる方法と特徴点抽出による方法の比較},
  author={赤松茂},
  journal={電子情報通信学会誌},
  volume=85,
  number=12,
  pages={936--941},
  year=2002,
  publisher={社団法人電子情報通信学会}
}
@article{赤松茂2003人間とコンピュータによる顔表情の認識,
  title={人間とコンピュータによる顔表情の認識 [IV・完]: コンピュータによる顔表情認識の展望: 人間による表情認知に学ぶ},
  author={赤松茂},
  journal={電子情報通信学会誌},
  volume = 86,
  number = 1,
  pages = {54--61},
  year=2003,
  publisher={社団法人電子情報通信学会}
}
@article{赤穂昭太郎2000サポートベクターマシン,
  title={サポートベクターマシン},
  author={赤穂昭太郎 and 津田宏治},
  journal={数理科学},
  number=444,
  pages={52--58},
  year=2000
}

@article{辰野由美子1996距離データを用いた顔基本,
  title={距離データを用いた顔基本 6 表情の解析と合成},
  author={辰野由美子 and 鈴木哲 and 横矢直和 and 岩佐英彦 and 竹村治雄},
  journal={電子情報通信学会技術研究報告. PRU, パターン認識・理解},
  volume=95,
  number=469,
  pages={37--42},
  year=1996,
  publisher={社団法人電子情報通信学会}
}
@article{野宮浩揮2012アンサンブル学習を用いた効率的な映像からの表情表出シーン検出,
  title={アンサンブル学習を用いた効率的な映像からの表情表出シーン検出 (映像情報,< 特集> データ工学と情報マネジメント論文)},
  author={野宮浩揮 and 宝珍輝尚},
  journal={電子情報通信学会論文誌. D, 情報・システム},
  volume=95,
  number=2,
  pages={193--205},
  year=2012,
  publisher={一般社団法人電子情報通信学会}
}
@article{長野信男2003顔特徴を用いた表情の認識,
  title={顔特徴を用いた表情の認識 (福祉と言語処理, 一般)},
  author={長野信男 and 任福継 and 黒岩眞吾},
  journal={電子情報通信学会技術研究報告. NLC, 言語理解とコミュニケーション},
  volume=103,
  number=115,
  pages={61--66},
  year=2003,
  publisher={社団法人電子情報通信学会}}

@article{間所洋和2011表情の時系列変化を可視化する表情空間チャート,
  title={表情の時系列変化を可視化する表情空間チャート},
  author={間所洋和 and 佐藤和人 and 門脇さく},
  journal={知能と情報},
  volume=23,
  number=2,
  pages={157--169},
  year=2011,
  publisher={J-STAGE}
}

@article{高巣聡2007表情変化に着目した依存症診断支援手法の開発,
  title={表情変化に着目した依存症診断支援手法の開発 (ヒューマンインフォメーション, ITS 画像処理, 映像メディア, 一般)},
  author={高巣聡 and 杉浦彰彦 and 米村恵一},
  journal={電子情報通信学会技術研究報告. IE, 画像工学},
  volume=106,
  number=537,
  pages={47--50},
  year=2007,
  publisher={社団法人電子情報通信学会}
}
@article{齊藤崇子2005怒り表情判断の難しさと精度に影響を与える顔の物理的特徴,
  title={怒り表情判断の難しさと精度に影響を与える顔の物理的特徴: 項目反応理論を用いた分析 (ヒューマンコミュニケーション)},
  author={齊藤崇子 and 中村知靖},
  journal={電子情報通信学会論文誌. A, 基礎・境界},
  volume=88,
  number=6,
  pages={775--781},
  year=2005,
  publisher={社団法人電子情報通信学会}
}

@article{齋藤智子:2011-04-30,
    author=\"齋藤 智子 and 椎塚 久雄\",
title=\"コミュニケーションロボットの感性的対話とその効果\",
journal=\"工学院大学研究報告\",
ISSN=03685098,
publisher=\"工学院大学\",
year=\"2011-04-30\",
number=110,
pages=\"77-84\",
URL=\"http://ci.nii.ac.jp/naid/110008430572/\",
}
@article{hirukawa2005human,
  title={The human-size humanoid robot that can walk, lie down and get up},
  author={Hirukawa, H. and Kajita, S. and Kanehiro, F. and Kaneko, K. and Isozumi, T.},
  journal={The International Journal of Robotics Research},
  volume=24,
  number=9,
  pages={755--769},
  year=2005,
  publisher={SAGE Publications}
}


 @Misc{opencv,
  title =     {OpenCV.jp},
  note =      {http://opencv.jp/}}

@Misc{opencvsharp,
  title =     {OpenCVSharp},
  note =      {http://code.google.com/p/opencvsharp/}}

@Misc{elecom_ucam_dly30,
  title =     {ELECOM UCAM-DLY300TA},
  note =      {http://www2.elecom.co.jp/multimedia/pc-camera/ucam-dly300ta/}}

@Book{hochberg,
  author =    {Hochberg},
  title =        {J.E. Perception.},
  publisher =    {Englewood Cliffs N.J., Prentice-Hall},
  year =         1978,
  edition =   {2nd Ed.}}
" 0 25 (fontified t face font-lock-comment-face) 25 33 (fontified t face font-lock-function-name-face) 33 34 (fontified t font-lock-face "rainbow-delimiters-depth-1-face" rear-nonsticky t) 34 47 (fontified t face font-lock-constant-face) 47 51 (fontified t) 51 56 (fontified t face font-lock-variable-name-face) 56 57 (fontified t) 57 58 (fontified t font-lock-face "rainbow-delimiters-depth-2-face" rear-nonsticky t) 58 114 (fontified t) 114 115 (fontified t font-lock-face "rainbow-delimiters-depth-2-face" rear-nonsticky t) 115 119 (fontified t) 119 125 (fontified t face font-lock-variable-name-face) 125 126 (fontified t) 126 127 (fontified t font-lock-face "rainbow-delimiters-depth-2-face" rear-nonsticky t) 127 149 (fontified t) 149 150 (fontified t font-lock-face "rainbow-delimiters-depth-2-face" rear-nonsticky t) 150 154 (fontified t) 154 161 (fontified t face font-lock-variable-name-face) 161 162 (fontified t) 162 163 (fontified t font-lock-face "rainbow-delimiters-depth-2-face" rear-nonsticky t) 163 181 (fontified t) 181 182 (fontified t font-lock-face "rainbow-delimiters-depth-2-face" rear-nonsticky t) 182 186 (fontified t) 186 192 (fontified t face font-lock-variable-name-face) 192 193 (fontified t) 193 194 (fontified t font-lock-face "rainbow-delimiters-depth-2-face" rear-nonsticky t) 194 195 (fontified t) 195 196 (fontified t font-lock-face "rainbow-delimiters-depth-2-face" rear-nonsticky t) 196 200 (fontified t) 200 206 (fontified t face font-lock-variable-name-face) 206 207 (fontified t) 207 208 (fontified t font-lock-face "rainbow-delimiters-depth-2-face" rear-nonsticky t) 208 209 (fontified t) 209 210 (fontified t font-lock-face "rainbow-delimiters-depth-2-face" rear-nonsticky t) 210 214 (fontified t) 214 219 (fontified t face font-lock-variable-name-face) 219 220 (fontified t) 220 221 (fontified t font-lock-face "rainbow-delimiters-depth-2-face" rear-nonsticky t) 221 231 (fontified t) 231 232 (fontified t font-lock-face "rainbow-delimiters-depth-2-face" rear-nonsticky t) 232 236 (fontified t) 236 240 (fontified t face font-lock-variable-name-face) 240 241 (fontified t) 241 242 (fontified t font-lock-face "rainbow-delimiters-depth-2-face" rear-nonsticky t) 242 246 (fontified t) 246 247 (fontified t font-lock-face "rainbow-delimiters-depth-2-face" rear-nonsticky t) 247 251 (fontified t) 251 260 (fontified t face font-lock-variable-name-face) 260 261 (fontified t) 261 262 (fontified t font-lock-face "rainbow-delimiters-depth-2-face" rear-nonsticky t) 262 271 (fontified t) 271 272 (fontified t font-lock-face "rainbow-delimiters-depth-2-face" rear-nonsticky t) 272 273 (fontified t) 273 274 (fontified t font-lock-face "rainbow-delimiters-depth-1-face" rear-nonsticky t) 274 275 (fontified t) 275 283 (fontified t face font-lock-function-name-face) 283 284 (fontified t font-lock-face "rainbow-delimiters-depth-1-face" rear-nonsticky t) 284 293 (fontified t face font-lock-constant-face) 293 297 (fontified t) 297 303 (fontified t face font-lock-variable-name-face) 303 312 (fontified t) 312 313 (fontified t font-lock-face "rainbow-delimiters-depth-2-face" rear-nonsticky t) 313 343 (fontified t) 343 344 (fontified t font-lock-face "rainbow-delimiters-depth-2-face" rear-nonsticky t) 344 348 (fontified t) 348 353 (fontified t face font-lock-variable-name-face) 353 363 (fontified t) 363 364 (fontified t font-lock-face "rainbow-delimiters-depth-2-face" rear-nonsticky t) 364 393 (fontified t) 393 394 (fontified t font-lock-face "rainbow-delimiters-depth-2-face" rear-nonsticky t) 394 398 (fontified t) 398 405 (fontified t face font-lock-variable-name-face) 405 413 (fontified t) 413 414 (fontified t font-lock-face "rainbow-delimiters-depth-2-face" rear-nonsticky t) 414 430 (fontified t) 430 431 (fontified t font-lock-face "rainbow-delimiters-depth-2-face" rear-nonsticky t) 431 435 (fontified t) 435 439 (fontified t face font-lock-variable-name-face) 439 458 (fontified t) 458 464 (fontified t face font-lock-variable-name-face) 464 470 (fontified t) 470 471 (fontified t font-lock-face "rainbow-delimiters-depth-2-face" rear-nonsticky t) 471 479 (fontified t) 479 480 (fontified t font-lock-face "rainbow-delimiters-depth-2-face" rear-nonsticky t) 480 484 (fontified t) 484 490 (fontified t face font-lock-variable-name-face) 490 501 (fontified t) 501 506 (fontified t face font-lock-variable-name-face) 506 513 (fontified t) 513 514 (fontified t font-lock-face "rainbow-delimiters-depth-2-face" rear-nonsticky t) 514 521 (fontified t) 521 522 (fontified t font-lock-face "rainbow-delimiters-depth-2-face" rear-nonsticky t) 522 524 (fontified t) 524 526 (fontified t) 526 531 (fontified t face font-lock-variable-name-face) 531 543 (fontified t) 543 544 (fontified t font-lock-face "rainbow-delimiters-depth-1-face" rear-nonsticky t) 544 545 (fontified t) 545 555 (fontified t face font-lock-function-name-face) 555 556 (fontified t font-lock-face "rainbow-delimiters-depth-1-face" rear-nonsticky t) 556 564 (fontified t face font-lock-constant-face) 564 568 (fontified t) 568 574 (fontified t face font-lock-variable-name-face) 574 583 (fontified t) 583 584 (fontified t font-lock-face "rainbow-delimiters-depth-2-face" rear-nonsticky t) 584 598 (fontified t) 598 599 (fontified t font-lock-face "rainbow-delimiters-depth-2-face" rear-nonsticky t) 599 603 (fontified t) 603 608 (fontified t face font-lock-variable-name-face) 608 618 (fontified t) 618 619 (fontified t font-lock-face "rainbow-delimiters-depth-2-face" rear-nonsticky t) 619 645 (fontified t) 645 646 (fontified t font-lock-face "rainbow-delimiters-depth-2-face" rear-nonsticky t) 646 650 (fontified t) 650 656 (fontified t face font-lock-variable-name-face) 656 665 (fontified t) 665 666 (fontified t font-lock-face "rainbow-delimiters-depth-2-face" rear-nonsticky t) 666 671 (fontified t) 671 672 (fontified t font-lock-face "rainbow-delimiters-depth-2-face" rear-nonsticky t) 672 676 (fontified t) 676 680 (fontified t face font-lock-variable-name-face) 680 699 (fontified t) 699 704 (fontified t face font-lock-variable-name-face) 704 713 (fontified t) 713 714 (fontified t font-lock-face "rainbow-delimiters-depth-1-face" rear-nonsticky t) 714 715 (fontified t) 715 723 (fontified t face font-lock-function-name-face) 723 724 (fontified t font-lock-face "rainbow-delimiters-depth-1-face" rear-nonsticky t) 724 734 (fontified t face font-lock-constant-face) 734 738 (fontified t) 738 744 (fontified t face font-lock-variable-name-face) 744 753 (fontified t) 753 754 (fontified t font-lock-face "rainbow-delimiters-depth-2-face" rear-nonsticky t) 754 784 (fontified t) 784 785 (fontified t font-lock-face "rainbow-delimiters-depth-2-face" rear-nonsticky t) 785 789 (fontified t) 789 794 (fontified t face font-lock-variable-name-face) 794 804 (fontified t) 804 805 (fontified t font-lock-face "rainbow-delimiters-depth-2-face" rear-nonsticky t) 805 822 (fontified t) 822 823 (fontified t font-lock-face "rainbow-delimiters-depth-2-face" rear-nonsticky t) 823 827 (fontified t) 827 834 (fontified t face font-lock-variable-name-face) 834 842 (fontified t) 842 843 (fontified t font-lock-face "rainbow-delimiters-depth-2-face" rear-nonsticky t) 843 860 (fontified t) 860 861 (fontified t font-lock-face "rainbow-delimiters-depth-2-face" rear-nonsticky t) 861 865 (fontified t) 865 869 (fontified t face font-lock-variable-name-face) 869 888 (fontified t) 888 894 (fontified t face font-lock-variable-name-face) 894 907 (fontified t) 907 913 (fontified t face font-lock-variable-name-face) 913 926 (fontified t) 926 931 (fontified t face font-lock-variable-name-face) 931 938 (fontified t) 938 939 (fontified t font-lock-face "rainbow-delimiters-depth-2-face" rear-nonsticky t) 939 943 (fontified t) 943 944 (fontified t font-lock-face "rainbow-delimiters-depth-2-face" rear-nonsticky t) 944 948 (fontified t) 948 953 (fontified t face font-lock-variable-name-face) 953 962 (fontified t) 962 963 (fontified t font-lock-face "rainbow-delimiters-depth-1-face" rear-nonsticky t) 963 964 (fontified t) 964 972 (fontified t face font-lock-function-name-face) 972 973 (fontified t font-lock-face "rainbow-delimiters-depth-1-face" rear-nonsticky t) 973 991 (fontified t face font-lock-constant-face) 991 995 (fontified t) 995 1000 (fontified t face font-lock-variable-name-face) 1000 1001 (fontified t) 1001 1002 (fontified t font-lock-face "rainbow-delimiters-depth-2-face" rear-nonsticky t) 1002 1020 (fontified t) 1020 1021 (fontified t font-lock-face "rainbow-delimiters-depth-2-face" rear-nonsticky t) 1021 1025 (fontified t) 1025 1031 (fontified t face font-lock-variable-name-face) 1031 1032 (fontified t) 1032 1033 (fontified t font-lock-face "rainbow-delimiters-depth-2-face" rear-nonsticky t) 1033 1044 (fontified t) 1044 1045 (fontified t font-lock-face "rainbow-delimiters-depth-2-face" rear-nonsticky t) 1045 1047 (fontified t) 1047 11962 (fontified nil)) . 1) 11964 (t 20737 . 20896) ((marker . 542) . -25) ((marker . 542) . -25) ((marker . 525) . -49) ((marker . 525) . -49) ((marker . 500) . -117) ((marker . 500) . -117) ((marker . 483) . -152) ((marker . 483) . -152) ((marker . 457) . -184) ((marker . 457) . -184) ((marker . 434) . -198) ((marker . 434) . -198) ((marker . 397) . -212) ((marker . 397) . -212) ((marker . 347) . -234) ((marker . 347) . -234) ((marker . 296) . -249) ((marker . 296) . -249) ((marker . 276) . -273) ((marker . 276) . -273) ((marker . 274) . -275) ((marker . 274) . -275) ((marker . 50) . -234) ((marker . 1) . -234) ((marker . 1) . -234) ((marker . 1) . -234) ((marker . 250) . -295) ((marker . 250) . -295) ((marker . 235) . -346) ((marker . 235) . -346) ((marker . 213) . -396) ((marker . 213) . -396) ((marker . 199) . -433) ((marker . 199) . -433) ((marker . 185) . -456) ((marker . 185) . -456) ((marker . 153) . -482) ((marker . 153) . -482) ((marker . 118) . -499) ((marker . 118) . -499) ((marker . 50) . -524) ((marker . 50) . -524) ((marker . 26) . -541) ((marker . 26) . -541) nil (1656 . 1657) (1647 . 1648) (t 20736 . 63176) nil (#("{" 0 1 (rear-nonsticky t font-lock-face "rainbow-delimiters-depth-2-face" fontified nil)) . 4611) (#("}" 0 1 (rear-nonsticky t font-lock-face "rainbow-delimiters-depth-2-face" fontified t)) . -4616) 4579 (t 20736 . 63168) nil (#("{" 0 1 (fontified nil rear-nonsticky t font-lock-face "rainbow-delimiters-depth-2-face")) . 3614) (#("}" 0 1 (fontified t rear-nonsticky t font-lock-face "rainbow-delimiters-depth-2-face")) . -3619) (#("{" 0 1 (fontified nil rear-nonsticky t font-lock-face "rainbow-delimiters-depth-2-face")) . 3581) (#("}" 0 1 (fontified t rear-nonsticky t font-lock-face "rainbow-delimiters-depth-2-face")) . -3584) (#("{" 0 1 (fontified nil rear-nonsticky t font-lock-face "rainbow-delimiters-depth-2-face")) . 3568) (#("}" 0 1 (fontified t rear-nonsticky t font-lock-face "rainbow-delimiters-depth-2-face")) . -3571) 3573 (t 20736 . 63148) nil undo-tree-canary))
